@book{corke2011robotics,
  title={Robotics, vision and control: fundamental algorithms in MATLAB},
  author={Corke, Peter I and Khatib, Oussama},
  volume={73},
  year={2011},
  publisher={Springer}
}

@article{mahonyKC12,
  added-at = {2020-05-18T00:00:00.000+0200},
  author = {Mahony, Robert E. and Kumar, Vijay and Corke, Peter},
  biburl = {https://www.bibsonomy.org/bibtex/238131b3cf611d90510770f955d730d21/dblp},
  ee = {https://www.wikidata.org/entity/Q58626340},
  interhash = {d0ad6ae0356d9fb0d1e68af56a8d3fbc},
  intrahash = {38131b3cf611d90510770f955d730d21},
  journal = {IEEE Robotics Autom. Mag.},
  keywords = {dblp},
  number = 3,
  pages = {20-32},
  timestamp = {2020-05-19T12:29:00.000+0200},
  title = {Multirotor Aerial Vehicles: Modeling, Estimation, and Control of Quadrotor.},
  url = {http://dblp.uni-trier.de/db/journals/ram/ram19.html#MahonyKC12},
  volume = 19,
  year = 2012
}


