@book{corke2011robotics,
  title={Robotics, vision and control: fundamental algorithms in MATLAB},
  author={Corke, Peter I and Khatib, Oussama},
  volume={73},
  year={2011},
  publisher={Springer}
}

@article{mahonyKC12,
  added-at = {2020-05-18T00:00:00.000+0200},
  author = {Mahony, Robert E. and Kumar, Vijay and Corke, Peter},
  biburl = {https://www.bibsonomy.org/bibtex/238131b3cf611d90510770f955d730d21/dblp},
  ee = {https://www.wikidata.org/entity/Q58626340},
  interhash = {d0ad6ae0356d9fb0d1e68af56a8d3fbc},
  intrahash = {38131b3cf611d90510770f955d730d21},
  journal = {IEEE Robotics Autom. Mag.},
  keywords = {dblp},
  number = 3,
  pages = {20-32},
  timestamp = {2020-05-19T12:29:00.000+0200},
  title = {Multirotor Aerial Vehicles: Modeling, Estimation, and Control of Quadrotor.},
  url = {http://dblp.uni-trier.de/db/journals/ram/ram19.html#MahonyKC12},
  volume = 19,
  year = 2012
}

@misc {GooglePlayBlossom,
     author = "Conceptiv Apps",
     title = "Blossom plant identifier",
     year = "2023",
     url = "https://play.google.com/store/apps/details?id=com.conceptivapps.blossom"
}

@misc {PlantSnapWebsite,
   author = "PlantSnap Inc",
   title = "PlantSnap plant identification",
   year = "2023",
   url = " https://www.plantsnap.com"
}

@misc {PlantSnapMobileApp,
     
    title = "Mobile app of PlantSnap",
    url = "https://play.google.com/store/apps/details?id=com.conceptivapps.blossom",
    year = "2023"
}

@article {FlowerImageClassification, 
     author = "Mesut Toğaçar and Burhan Ergen and Fatih özyurt",
     title = "Clasification of Flower Images by Feature Selection Methods in Convolutional Neural Network Models",
     journal = "Fırat Üniversitesi Müh. Bil. Dergisi",
     volume = "32",
     number = "1",
     pages = "48-56",
     year = "2023"
}

@article {AOBP,
     author = "Hamlyn G. Jones",
     title = "Tests of automated image recognition apps for plant identification on plants from the British flora",
     journal = "AoB Plants",
     publisher = "Advance Access Publication ",
     volume = "12",
     number = "6",
     pages ="1-9",
     year = "2023"
}

@misc {PlantSnapWebsite,
   author = "iNaturalist",
   title = "iNaturalist Website",
   year = "2023",
   url = "https://www.inaturalist.org"
}

@misc {iNaturalist,
   author = "iNaturalist",
   title = "iNaturalist Website",
   year = "2023",
   url = "https://www.inaturalist.org"
}

@misc {GoogleLens,
   author = "Google",
   title = "Google Lens Web App",
   year = "2023",
   url = "https://lens.google/intl/tr"
}

@misc {PlantId,
   author = "FlowerChecker",
   title = "Plant.id Web App",
   year = "2023",
   url = "https://web.plant.id"
}

@misc {Bing,
   author = "Microsoft",
   title = "Bing Search Engine",
   year = "2023",
   url = "https://www.bing.com"
}

@misc {Bing,
   author = "Technische Universität Ilmenau",
   title = "Flora Incognita Mobile App",
   year = "2023",
   url = "https://floraincognita.com/"
}

@misc {FloraIncognita,
   author = "Technische Universität Ilmenau",
   title = "Flora Incognita Mobile App",
   year = "2023",
   url = "https://floraincognita.com/"
}

@misc {LeafSnap,
   author = "Appixi",
   title = "LeafSnap Plant Identification App",
   year = "2023",
   url = "https://play.google.com/store/apps/details?id=plant.identification.snap&hl=en"
}

@misc {PlantNet,
   author = "PlantNet",
   title = "Pl@ntNet Web App",
   year = "2023",
   url = "https://identify.plantnet.org/tr"
}